@article{rosam,
author = {Rosa, Marilin},
journal = {Cancer Control},
pages = {211-9},
month = apr,
title = {{Advances in the Molecular Analysis of Breast Cancer: Pathway Toward Personalized Medicine}},
volume = {22},
year = {2015}
}
@article{cangen,
author = {Cancer Genome Atlas Network},
journal = {Nature},
pages = {61-70},
title = {{Comprehensive molecular portraits of human breast tumours}},
month = oct,
volume = {490},
year = {2012}
}
@article{breast,
author = {Bertos, Nicholas R and Park, Morag},
journal = {J Clin Invest},
pages = {3789-96},
title = {{Breast cancer - one term, many entities?}},
month = oct,
volume = {121},
year = {2011}
}
@misc{acs,
author = {{American Cancer Society}},
howpublished = {\url{http://www.cancer.org/cancer/breastcancer/detailedguide/breast-cancer-risk-factors}},
year = {2016}
}